%
% mybib.bib (BibTeX)
% 
% Objetivo: Arquivo de bibliografia do relatório de qualificação de doutorado.
% baseado em um template para a geração de documentos em LaTeX.
% 
% Versão 1.5
% 
% Site: http://www.dirackslounge.online
% 
% Programador: 
%		(1.4) - Lauro César Araujo 
%			Template, distribuição e manutenção
%		(1.5) - Rodolfo A. C. Neves (Dirack) 07/10/2019 
%			Modificações e utilização neste relatório
% 
% Email: rodolfo_profissional@hotmail.com
% 
% Licença (Versão modificada): GPL-3.0 <https://www.gnu.org/licenses/gpl-3.0.txt>.
%
% Licença (Versão original): LaTeX Project Public License (LPPL - 1.3) <http://www.latex-project.org/lppl.txt>
%
% Documentação extra: <http://abntex2.googlecode.com/>

@article {bhandarkar,
	author = {Bhandarkar, D. and Clark, D. W.},
	title = {Performance from architecture:comparing a RISC and a CISC with similar hardware organization},
	volume = {26},
	pages = {310-319},
	year = {1991},
	journal = {ACM SIGPLAN Notices}
}

@misc{arm,
  title = {Learn the architecture: Introducing the Arm architecture},
  e = {Arm Developer},
  howpublished = {Disponível em:\url{https://developer.arm.com/documentation/102404/0100/What-do-we-mean-by-architecture-}},
  note = "Acesso em:27 de fev. de 2021"
}

@misc{tndbrasil,
  title = {Processadores: Entenda a diferença do ARM para o x86},
  e = {TND Brasil},
  howpublished = {Disponível em:\url{https://tndbrasil.com.br/entenda-a-diferenca-do-arm-para-o-x86/}},
  note = "Acesso em:27 de fev. de 2021"
}

@misc{canaltech,
  title = {O que é um processador ARM?},
  e = {Canaltech},
  howpublished = {Disponível em:\url{https://canaltech.com.br/hardware/O-que-e-um-processador-ARM/}},
  note = "Acesso em:27 de fev. de 2021"
}

@misc{super,
  title = {Apple mostra novos laptops com processador ARM – e até 18 horas de bateria},
  e = {Canaltech},
  howpublished = {Disponível em:\url{https://super.abril.com.br/blog/bruno-garattoni/apple-mostra-novos-laptops-com-processador-arm-e-ate-18-horas-de-bateria/}},
  note = "Acesso em:27 de fev. de 2021"
}
